% This file was created with JabRef 2.9.2.
% Encoding: Cp1252

@ARTICLE{abraham_09_localization-estimation,
  author = {Abraham, Anish V. and Ram, Sripad and Chao, Jerry and Ward, E. S.
	and Ober, Raimund J.},
  title = {Quantitative study of single molecule location estimation techniques},
  journal = {Optics Express},
  year = {2009},
  volume = {17},
  pages = {23352},
  number = {26},
  month = {Dec},
}

@ARTICLE{andersson_08_localization,
  author = {Andersson, Sean B.},
  title = {Localization of a fluorescent source without numerical fitting},
  journal = {Optics Express},
  year = {2008},
  volume = {16},
  pages = {18714-18724},
  number = {23},
}

@ARTICLE{anscombe_48_noise-normalization,
  author = {Anscombe, F. J.},
  title = {The Transformation of {Poisson}, Binomial and Negative-Binomial Data},
  journal = {Biometrika},
  year = {1948},
  volume = {35},
  pages = {246-254},
  number = {3/4},
}

@ARTICLE{anthony_09_Gaussian-fitting,
  author = {Stephen M. Anthony and Steve Granick},
  title = {Image Analysis with Rapid and Accurate Two-Dimensional {Gaussian}
	Fitting},
  journal = {Langmuir},
  year = {2009},
  volume = {25},
  pages = {8152-8160},
  number = {14},
  month = jul,
}

@MANUAL{baddeley_12_pyme,
  author = {David Baddeley},
  title = {{PYME} - The {Python} Localization Microscopy Environment},
  year = {2012},
  url = {http://code.google.com/p/python-microscopy/},
  note = {{Accessed:} 12 Feb. 2014},
}

@ARTICLE{bates_08_super-resolution,
  author = {Mark Bates and Bo Huang and Xiaowei Zhuang},
  title = {Super-resolution microscopy by nanoscale localization of photo-switchable
	fluorescent probes},
  journal = {Current Opinion in Chemical Biology},
  year = {2008},
  volume = {12},
  pages = {505 - 514},
  number = {5},
}

@ARTICLE{betzig_06_imaging,
  author = {Betzig, Eric and Patterson, George H and Sougrat, Rachid and Lindwasser,
	O Wolf and Olenych, Scott and Bonifacino, Juan S and Davidson, Michael
	W and Lippincott-Schwartz, Jennifer and Hess, Harald F},
  title = {Imaging intracellular fluorescent proteins at nanometer resolution},
  journal = {Science},
  year = {2006},
  volume = {313},
  pages = {1642-1645},
  number = {5793},
}

@ARTICLE{boulanger_10_patch-based,
  author = {Boulanger, J. and Kervrann, C. and Bouthemy, P. and Elbau, P. and
	Sibarita, J.-B. and Salamero, J.},
  title = {Patch-Based Nonlocal Functional for Denoising Fluorescence Microscopy
	Image Sequences},
  journal = {IEEE Trans. Medical Imaging},
  year = {2010},
  volume = {29},
  pages = {442-454},
  number = {2},
}

@INPROCEEDINGS{boulanger_08_non-parametric,
  author = {Boulanger, J. and Sibarita, J.-B. and Kervrann, C. and Bouthemy,
	P.},
  title = {Non-parametric regression for patch-based fluorescence microscopy
	image sequence denoising},
  booktitle = {Proc. ISBI'08},
  year = {2008},
  pages = {748-751},
}

@ARTICLE{brede_12_graspj,
  author = {Brede, Norman and Lakadamyali, Melike},
  title = {{GraspJ}: an open source, real-time analysis package for super-resolution
	imaging},
  journal = {Optical Nanoscopy},
  year = {2012},
  volume = {1},
  pages = {1-7},
  number = {1},
}

@ARTICLE{egner_07_nanoscopy,
  author = {Egner, Alexander and Geisler, Claudia and von Middendorff, Claas
	and Bock, Hannes and Wenzel, Dirk and Medda, Rebecca and Andresen,
	Martin and Stiel, Andre C. and Jakobs, Stefan and Eggeling, Christian
	and et al.},
  title = {Fluorescence Nanoscopy in Whole Cells by Asynchronous Localization
	of Photoswitching Emitters},
  journal = {Biophysical Journal},
  year = {2007},
  volume = {93},
  pages = {3285-3290},
  number = {9},
  month = {Nov},
}

@ARTICLE{fischler_81_ransac,
  author = {Fischler, Martin A. and Bolles, Robert C.},
  title = {Random Sample Consensus: A Paradigm for Model Fitting with Applications
	to Image Analysis and Automated Cartography},
  journal = {Commun. ACM},
  year = {1981},
  volume = {24},
  pages = {381-395},
  number = {6},
  month = jun,
  issue_date = {June 1981},
  numpages = {15},
}

@INPROCEEDINGS{gruell_11_fpga-storm,
  author = {Gr{\"u}ll, Frederik and Kirchgessner, Manfred and Kaufmann, Rainer
	and Hausmann, Michael and Kebschull, Udo},
  title = {Accelerating image analysis for localization microscopy with {FPGAs}},
  booktitle = {Field Programmable Logic and Applications (FPL), 2011 Int.
	Conf.},
  year = {2011},
  pages = {1-5},
}


@ARTICLE{hoegbom_74_clean,
  author = {H{\"o}gbom, J.~A.},
  title = {Aperture Synthesis with a Non-Regular Distribution of Interferometer
	Baselines},
  journal = {Astronomy and Astrophysics Supplement},
  year = {1974},
  volume = {15},
  pages = {417},
  month = jun,
  adsurl = {http://cdsads.u-strasbg.fr/abs/1974A%26AS...15..417H},
}

@ARTICLE{hedde_09_localization-microscopy,
  author = {Per Niklas Hedde and Jochen Fuchs and Franz Oswald and J{\"o}rg Wiedenmann
	and Gerd Ulrich Nienhaus},
  title = {Online image analysis software for photoactivation localization microscopy},
  journal = {Nature Methods},
  year = {2009},
  volume = {6},
  pages = {689 - 690},
}

@article {heilemann_08_dstorm,
author = {Heilemann, Mike and van de Linde, Sebastian and Sch{\"u}ttpelz, Mark and Kasper, Robert and Seefeldt, Britta and Mukherjee, Anindita and Tinnefeld, Philip and Sauer, Markus},
title = {Subdiffraction-Resolution Fluorescence Imaging with Conventional Fluorescent Probes},
journal = {Angewandte Chemie International Edition},
volume = {47},
number = {33},
publisher = {WILEY-VCH Verlag},
issn = {1521-3773},
pages = {6172--6176},
keywords = {fluorescent probes, imaging agents, localization microscopy, optical switches, subdiffraction resolution},
year = {2008},
}

@article {heilemann_09_organic,
author = {Heilemann, Mike and van de Linde, Sebastian and Mukherjee, Anindita and Sauer, Markus},
title = {Super-Resolution Imaging with Small Organic Fluorophores},
journal = {Angewandte Chemie International Edition},
volume = {48},
number = {37},
publisher = {WILEY-VCH Verlag},
issn = {1521-3773},
pages = {6903--6908},
year = {2009},
}


@ARTICLE{heilemann_10_fluorescence,
  author = {Mike Heilemann},
  title = {Fluorescence microscopy beyond the diffraction limit },
  journal = {Journal of Biotechnology },
  year = {2010},
  volume = {149},
  pages = {243 - 251},
  number = {4},
}

@MANUAL{henriques_12_quickpalm,
  title = {{QuickPALM ImageJ Plugin}},
  author = {Ricardo Henriques},
  year = {2012},
  url = {http://code.google.com/p/quickpalm/},
  note = {{Accessed:} 12 Feb. 2014},
}

@ARTICLE{henriques_10_quick-palm,
  author = {Henriques, Ricardo and Lelek, Mickael and Fornasiero, Eugenio F and
	Valtorta, Flavia and Zimmer, Christophe and Mhlanga, Musa M},
  title = {{QuickPALM: 3D real-time photoactivation nanoscopy image processing
	in ImageJ}},
  journal = {Nature methods},
  year = {2010},
  volume = {7},
  pages = {339-340},
  number = {5},
}

@ARTICLE{henriques_09_palm-and-storm,
  author = {Henriques, Ricardo and Mhlanga, Musa M.},
  title = {{PALM} and {STORM}: What hides beyond the {Rayleigh} limit?},
  journal = {Biotechnology Journal},
  year = {2009},
  volume = {4},
  pages = {846-857},
  number = {6},
}

@MANUAL{herbert_12_peakfit,
  title = {{PeakFit ImageJ plugins for single-molecule light microscopy}},
  author = {Alex Herbert},
  year = {2012},
  url = {http://www.sussex.ac.uk/gdsc/intranet/microscopy/imagej/smlm_plugins},
  note = {{Accessed:} 12 Feb. 2014},
}

@ARTICLE{holden_11_daostorm,
  author = {Holden, S.J. and Uphoff, S. and Kapanidis, A.N.},
  title = {{DAOSTORM:} an algorithm for high-density super-resolution microscopy.},
  journal = {Nature methods},
  year = {2011},
  volume = {8},
  pages = {279},
  number = {4},
}

@ARTICLE{huang_10_super-resolution,
  author = {Bo Huang},
  title = {Super-resolution optical microscopy: multiple choices },
  journal = {Current Opinion in Chemical Biology },
  year = {2010},
  volume = {14},
  pages = {10 - 14},
  number = {1},
}

@ARTICLE{huang_11_simultaneous,
  author = {Huang, Fang and Schwartz, Samantha L and Byars, Jason M and Lidke,
	Keith A},
  title = {Simultaneous multiple-emitter fitting for single molecule super-resolution
	imaging},
  journal = {Biomedical Optics Express},
  year = {2011},
  volume = {2},
  pages = {1377-1393},
  number = {5},
}

@ARTICLE{izeddin_12_wavelet,
  author = {Izeddin, I and Boulanger, J and Racine, V and Specht, CG and Kechkar,
	A and Nair, D and Triller, A and Choquet, D and Dahan, M and Sibarita,
	JB},
  title = {Wavelet analysis for single molecule localization microscopy},
  journal = {Optics Express},
  year = {2012},
  volume = {20},
  pages = {2081-2095},
  number = {3},
}

@ARTICLE{krizek_11_minimizing,
  author = {K{\v{r}}{\'\i}{\v{z}}ek, Pavel and Ra{\v{s}}ka, Ivan and Hagen, Guy
	M},
  title = {Minimizing detection errors in single molecule localization microscopy},
  journal = {Optics Express},
  year = {2011},
  volume = {19},
  pages = {3226-3235},
  number = {4},
}

@INPROCEEDINGS{kim_13_localization-microscopy,
  author = {Kim, K. and Min, J. and Carlini, L. and Unser, M. and Manley, S.
	and Jeon, D. and Ye, J.C.},
  title = {Fast Maximum Likelihood High-Density Low-{SNR} Super-Resolution Localization
	Microscopy},
  booktitle = {Proc. 10th Int. Workshop Sampling Theory	and Applications ({SampTA'13})},
  year = {2013},
  pages = {285-288},
}

@ARTICLE{lidke_05_photon-statistics,
  author = {Lidke, K.A. and Rieger, B. and Lidke, D.S. and Jovin, T.M.},
  title = {The role of photon statistics in fluorescence anisotropy imaging},
  journal = {IEEE Trans. Image Processing},
  year = {2005},
  volume = {14},
  pages = {1237-1245},
  number = {9},
  month = {Sep},
}

@INPROCEEDINGS{min_13_localization-microscopy,
  author = {Min, J. and Vonesch, C. and Olivier, N. and Kirshner, H. and Manley,
	S. and Ye, J.C. and Unser, M.},
  title = {Continuous Localization Using Sparsity Constraints for High-Density
	Super-Resolution Microscopy},
  booktitle = {Proc. ISBI'13},
  year = {2013},
  pages = {181-184},
}

@article{muranyi_13_super-resolution,
    author = {Muranyi, Walter AND Malkusch, Sebastian AND M{\"u}ller, Barbara AND Heilemann, , Mike AND Kr{\"a}usslich, Hans-Georg},
    journal = {PLoS Pathog},
    publisher = {Public Library of Science},
    title = {Super-Resolution Microscopy Reveals Specific Recruitment of HIV-1 Envelope Proteins to Viral Assembly Sites Dependent on the Envelope C-Terminal Tail},
    year = {2013},
    month = {02},
    volume = {9},
    pages = {e1003198},
    number = {2},
}        

@ARTICLE{olivo-marin_02_extraction,
  author = {Olivo-Marin, Jean-Christophe},
  title = {Extraction of spots in biological images using multiscale products},
  journal = {Pattern Recognition},
  year = {2002},
  volume = {35},
  pages = {1989-1996},
  number = {9},
}

@ARTICLE{smith_10_fast,
  author = {Smith, Carlas S. and Joseph, Nikolai and Rieger, Bernd and Lidke,
	Keith A.},
  title = {Fast, single-molecule localization that achieves theoretically minimum
	uncertainty},
  journal = {Nature Methods},
  year = {2010},
  volume = {7},
  pages = {373-375},
  number = {5},
}

@ARTICLE{stallinga_12_hermite-psf, 
   title={Position and orientation estimation of fixed dipole emitters using an effective {Hermite} point spread function model}, 
   volume={20}, 
   number={6}, 
   journal={Optics Express}, 
   author={Stallinga, Sjoerd and Rieger, Bernd}, 
   year={2012}, 
   pages={5896-5921}
}

@ARTICLE{stetson_87_daophot,
  author = {Stetson, Peter B},
  title = {{DAOPHOT}: A computer program for crowded-field stellar photometry},
  journal = {Publications of the Astronomical Society of the Pacific},
  year = {1987},
  pages = {191-222},
}

@MANUAL{stuurman_12_plugin,
  title = {Localization Microscopy MicroManager Plugin},
  author = {Nico Stuurman},
  year = {2012},
  url = {http://micro-manager.org/wiki/Localization_Microscopy},
  note = {{Accessed:} 12 Feb. 2014},
}

@ARTICLE{thompson_02_precise,
  author = {Thompson, Russell E and Larson, Daniel R and Webb, Watt W},
  title = {Precise nanometer localization analysis for individual fluorescent
	probes},
  journal = {Biophysical journal},
  year = {2002},
  volume = {82},
  pages = {2775-2783},
  number = {5},
}

@ARTICLE{turin_60_matched-filters,
  author = {Turin, G.L.},
  title = {An introduction to matched filters},
  journal = {IRE Trans. Information Theory},
  year = {1960},
  volume = {6},
  pages = {311-329},
  number = {3},
}

@MANUAL{wolter_13_rapidstorm,
  title = {{rapidSTORM Manual}},
  author = {Steve Wolter and Sven Proppert},
  year = {2013},
  url = {https://idefix.biozentrum.uni-wuerzburg.de/doc/rapidstorm/manual.html},
  note = {{Accessed:} 12 Feb. 2014},
}

@ARTICLE{wolter_10_rapid-storm,
  author = {Wolter, S. and Sch{\"u}ttpelz, M. and Tscherepanow, M. and van de
	Linde, S. and Heilemann, M. and Sauer, M.},
  title = {Real-time computation of subdiffraction-resolution fluorescence images},
  journal = {Journal of Microscopy},
  year = {2010},
  volume = {237},
  pages = {12-22},
  number = {1},
}

@MANUAL{yu_11_octane,
  title = {{Octane ImageJ plugin for super-resolution imaging and single molecule
	tracking}},
  author = {Ji Yu},
  year = {2011},
  url = {https://github.com/jiyuuchc/Octane},
  note = {{Accessed:} 12 Feb. 2014},
}

@ARTICLE{zhu_12_faster-storm,
  author = {Zhu, Lei and Zhang, Wei and Elnatan, Daniel and Huang, Bo},
  title = {Faster {STORM} using compressed sensing},
  journal = {Nature Methods},
  year = {2012},
  volume = {9},
  pages = {721-723},
  number = {7},
}

